<?xml version="1.0" encoding="UTF-8"?><collection xmlns="http://www.loc.gov/MARC21/slim"><record><leader>00314nam--2200121-i-4500</leader><controlfield tag="001">000007199</controlfield><controlfield tag="002">20161230</controlfield><controlfield tag="005">20161230201027</controlfield><controlfield tag="008">060222s1000------------r-----000-0-eng-d</controlfield><datafield ind1=" " ind2=" " tag="100"><subfield code="a">Boe, L. And Ramain, Ph</subfield></datafield><datafield ind1=" " ind2=" " tag="245"><subfield code="a">Dipoles, quadrupoles et calcul matriciel</subfield></datafield><datafield ind1=" " ind2=" " tag="260"><subfield code="a">Paris, Ed. Chiron, 1963. 240 P</subfield></datafield><datafield ind1=" " ind2=" " tag="852"><subfield code="a">21667</subfield></datafield></record></collection>